
%%%%%%%%%%%%%%%%%%%%%%%%%%%%%%%%%%%%%%%%%%%%%%%%%%%%%%%%%%%%%%%%%%%%%%%%%%%%%%% RELATED WORK %%%%%%%%%%%%%%%%%%%%%%%%%%%%%%%%%%%%%%%%%%%%%%%%%%%%%%

@article{chattopadhyay2020autonomous,
  title={Autonomous vehicle: Security by design},
  author={Chattopadhyay, Anupam and Lam, Kwok-Yan and Tavva, Yaswanth},
  journal={IEEE Transactions on Intelligent Transportation Systems},
  year={2020},
  publisher={IEEE}
}

@article{parkinson2017cyber,
  title={Cyber threats facing autonomous and connected vehicles: Future challenges},
  author={Parkinson, Simon and Ward, Paul and Wilson, Kyle and Miller, Jonathan},
  journal={IEEE transactions on intelligent transportation systems},
  volume={18},
  number={11},
  pages={2898--2915},
  year={2017},
  publisher={IEEE}
}
@article{petit2014potential,
  title={Potential cyberattacks on automated vehicles},
  author={Petit, Jonathan and Shladover, Steven E},
  journal={IEEE Transactions on Intelligent transportation systems},
  volume={16},
  number={2},
  pages={546--556},
  year={2014},
  publisher={IEEE}
}

@article{cui2019collaborative,
  title={Collaborative Analysis Framework of Safety and Security for Autonomous Vehicles},
  author={Cui, Jin and Sabaliauskaite, Giedre and Liew, Lin Shen and Zhou, Fengjun and Zhang, Biao},
  journal={IEEE Access},
  volume={7},
  pages={148672--148683},
  year={2019},
  publisher={IEEE}
}
@inproceedings{plosz2018security,
  title={Security and safety risk analysis of vision guided autonomous vehicles},
  author={Plosz, Sandor and Varga, Pal},
  booktitle={2018 IEEE Industrial Cyber-Physical Systems (ICPS)},
  pages={193--198},
  year={2018},
  organization={IEEE}
}
@inproceedings{mancini2020security,
  title={A Security Reference Model for Autonomous Vehicles in Military Operations},
  author={Mancini, Federico and Bruvoll, Solveig and Melrose, John and Leve, Frederick and Mailloux, Logan and Ernst, Raphael and Rein, Kellyn and Fioravanti, Stefano and Merani, Diego and Been, Robert},
  booktitle={2020 IEEE Conference on Communications and Network Security (CNS)},
  pages={1--8},
  year={2020},
  organization={IEEE}
}
@inproceedings{promyslov2020method,
  title={Method of Estimating Information Threat for Autonomous Vehicles in Smart City},
  author={Promyslov, Vitaly and Semenkov, Kirill},
  booktitle={2020 International Conference on Industrial Engineering, Applications and Manufacturing (ICIEAM)},
  pages={1--6},
  year={2020},
  organization={IEEE}
}
@inproceedings{malik2020analysis,
  title={Analysis and Simulation of Cyber Attacks Against Connected and Autonomous Vehicles},
  author={Malik, Shahida and Sun, Weiqing},
  booktitle={2020 International Conference on Connected and Autonomous Driving (MetroCAD)},
  pages={62--70},
  year={2020},
  organization={IEEE}
}
@inproceedings{behfarnia2018risk,
  title={Risk assessment of autonomous vehicles using bayesian defense graphs},
  author={Behfarnia, Ali and Eslami, Ali},
  booktitle={2018 IEEE 88th Vehicular Technology Conference (VTC-Fall)},
  pages={1--5},
  year={2018},
  organization={IEEE}
}
@inproceedings{al2018challenges,
  title={Challenges and Mitigation of Cyber Threat in Automated Vehicle: An Integrated Approach},
  author={Al Mamun, Abdullah and Al Mamun, Md Abdullah and Shikfa, Abdullatif},
  booktitle={2018 International Conference of Electrical and Electronic Technologies for Automotive},
  pages={1--6},
  year={2018},
  organization={IEEE}
}
@inproceedings{virag2020security,
  title={IT security challenges for continuously connected near-autonomous vehicles},
  author={Virag, David and Offerman, Tyron and de Jong, Bart and Preuss, Mike},
  booktitle={2020 IEEE International Conference on Engineering, Technology and Innovation (ICE/ITMC)},
  pages={1--8},
  year={2020},
  organization={IEEE}
}
@inproceedings{sharma2019attacks,
  title={Attacks on Machine Learning: Adversarial Examples in Connected and Autonomous Vehicles},
  author={Sharma, Prinkle and Austin, David and Liu, Hong},
  booktitle={2019 IEEE International Symposium on Technologies for Homeland Security (HST)},
  pages={1--7},
  year={2019},
  organization={IEEE}
}
@article{cui2019review,
  title={A review on safety failures, security attacks, and available countermeasures for autonomous vehicles},
  author={Cui, Jin and Liew, Lin Shen and Sabaliauskaite, Giedre and Zhou, Fengjun},
  journal={Ad Hoc Networks},
  volume={90},
  pages={101823},
  year={2019},
  publisher={Elsevier}
}
@article{sheehan2019connected,
  title={Connected and autonomous vehicles: A cyber-risk classification framework},
  author={Sheehan, Barry and Murphy, Finbarr and Mullins, Martin and Ryan, Cian},
  journal={Transportation research part A: policy and practice},
  volume={124},
  pages={523--536},
  year={2019},
  publisher={Elsevier}
}
@article{dibaei2020attacks,
  title={Attacks and defences on intelligent connected vehicles: A survey},
  author={Dibaei, Mahdi and Zheng, Xi and Jiang, Kun and Abbas, Robert and Liu, Shigang and Zhang, Yuexin and Xiang, Yang and Yu, Shui},
  journal={Digital Communications and Networks},
  year={2020},
  publisher={Elsevier}
}
@article{de2020driverless,
  title={Driverless vehicle security: Challenges and future research opportunities},
  author={De La Torre, Gonzalo and Rad, Paul and Choo, Kim-Kwang Raymond},
  journal={Future Generation Computer Systems},
  volume={108},
  pages={1092--1111},
  year={2020},
  publisher={Elsevier}
}
@inproceedings{meryem2019security,
  title={Security study and challenges of connected autonomous vehicles},
  author={Meryem, Sghiri and Mazri, Tomader},
  booktitle={Proceedings of the 4th International Conference on Smart City Applications},
  pages={1--4},
  year={2019}
}
@inproceedings{gonccalves2018secure,
  title={Secure management of autonomous vehicle platooning},
  author={Gon{\c{c}}alves, F{\'a}bio and Ribeiro, Bruno and Hapanchak, Vadym and Barros, Sara and Gama, Oscar and Ara{\'u}jo, Paulo and Nicolau, Maria Jo{\~a}o and Dias, Bruno and Macedo, Joaquim and Costa, Ant{\'o}nio and others},
  booktitle={Proceedings of the 14th ACM International Symposium on QoS and Security for Wireless and Mobile Networks},
  pages={15--22},
  year={2018}
}
@inproceedings{lima2016towards,
  title={Towards safe and secure autonomous and cooperative vehicle ecosystems},
  author={Lima, Antonio and Rocha, Francisco and V{\"o}lp, Marcus and Esteves-Ver{\'\i}ssimo, Paulo},
  booktitle={Proceedings of the 2nd ACM Workshop on Cyber-Physical Systems Security and Privacy},
  pages={59--70},
  year={2016}
}
@inproceedings{dominic2016risk,
  title={Risk assessment for cooperative automated driving},
  author={Dominic, Derrick and Chhawri, Sumeet and Eustice, Ryan M and Ma, Di and Weimerskirch, Andr{\'e}},
  booktitle={Proceedings of the 2nd ACM workshop on cyber-physical systems security and privacy},
  pages={47--58},
  year={2016}
}
@inproceedings{islam2016risk,
  title={A risk assessment framework for automotive embedded systems},
  author={Islam, Mafijul Md and Lautenbach, Aljoscha and Sandberg, Christian and Olovsson, Tomas},
  booktitle={Proceedings of the 2nd ACM International Workshop on Cyber-Physical System Security},
  pages={3--14},
  year={2016}
}
@article{kong2018security,
  title={Security risk assessment framework for smart car using the attack tree analysis},
  author={Kong, Hee-Kyung and Hong, Myoung Ki and Kim, Tae-Sung},
  journal={Journal of Ambient Intelligence and Humanized Computing},
  volume={9},
  number={3},
  pages={531--551},
  year={2018},
  publisher={Springer}
}
@inproceedings{affia2019security,
  title={Security Risk Management in Cooperative Intelligent Transportation Systems: A Systematic Literature Review},
  author={Affia, Abasi-Amefon O and Matulevi{\v{c}}ius, Raimundas and Nolte, Alexander},
  booktitle={OTM Confederated International Conferences" On the Move to Meaningful Internet Systems"},
  pages={282--300},
  year={2019},
  organization={Springer}
}




%%%%%%%%%%%%%%%%%%%%%%%%%%%%%%%%%%%%%%%%%%%%%%%%%%%%%%%%%%%%%%%%%%%%%%%%%%%%%%%%%%%%%%%%%%%%%%%%%%%%%%%%%%%%%%%%%%%%%%
@techreport{vehicle2016j3061,
  title={J3061-Cybersecurity Guidebook for Cyber-Physical Vehicle Systems},
  author={{Vehicle Cybersecurity Systems Engineering Committee}},
  year={2016},
  institution={Technical Report}
}

@misc{SAECybersecurity,
  title={Road vehicles — Cybersecurity engineering (Under development)},
  author={{ISO/SAE DIS 21434}},
  Howpublished = {https://www.iso.org/standard/70918.html}
}

@misc{joint2013nist,
  title={{NIST} Special Publication 800-53r4: Security and privacy controls for federal information systems and organizations},
  author={{Joint Task Force Transformation Initiative}},
  year={2013},
  publisher={Gaithersburg: US Department of Commerce, National Institute of Standards and~…}
}

%%%%%%%%%%%%%%%%%%%%%%%%%%%%%%%%%%%%%%%%%%%%%%%%%%%%%%%%%%%%%%%%%%%%%%%%%%%%%%%%%%%%%%%%%%%%%%%%%%%%%%%%%%%%%%%%%%%
%
%%%%%%%%%%%%%%%%%%%%%%%%%%%%%%%%%%%%%%%%%%%%%%%%%%%%%%%%%%%%%%%%%%%%%%%%%%%%%%%%%%%%%%%%%%%%%%%%%%%%%%%%%%%%%%%%%%%




@techreport{moore2001attack,
  title={Attack modeling for information security and survivability},
  author={Moore, Andrew P and Ellison, Robert J and Linger, Richard C},
  year={2001},
  institution={Carnegie-Mellon Univ Pittsburgh Pa Software Engineering Inst}
}

@misc{evita2011safety,
  title={safety Vehicle Intrusion Protected Applications},
  author={EVITA, E},
  Howpublished = {http://www.evita-project.org/},
  year={2011}
}

@article{palin2011iso,
  title={{ISO 26262 safety cases: Compliance and assurance}},
  author={Palin, Rob and Ward, David and Habli, Ibrahim and Rivett, Roger},
  year={2011},
  publisher={IET}
}


@article{o2013real,
  title={Real-time {GPS} spoofing detection via correlation of encrypted signals},
  author={O'Hanlon, Brady W and Psiaki, Mark L and Bhatti, Jahshan A and Shepard, Daniel P and Humphreys, Todd E},
  journal={Navigation},
  volume={60},
  number={4},
  pages={267--278},
  year={2013},
  publisher={Wiley Online Library}
}

@inproceedings{tippenhauer2011requirements,
  title={On the requirements for successful GPS spoofing attacks},
  author={Tippenhauer, Nils Ole and P{\"o}pper, Christina and Rasmussen, Kasper Bonne and Capkun, Srdjan},
  booktitle={Proceedings of the 18th ACM conference on Computer and communications security},
  pages={75--86},
  year={2011}
}

@inproceedings{boudguiga2015race,
  title={RACE: Risk analysis for cooperative engines},
  author={Boudguiga, Aymen and Boulanger, Antoine and Chiron, Pascal and Klaudel, Witold and Labiod, Houda and Seguy, Jean-Christophe},
  booktitle={2015 7th International Conference on New Technologies, Mobility and Security (NTMS)},
  pages={1--5},
  year={2015},
  organization={IEEE}
}

@book{swiderski2004threat,
  title={Threat modeling},
  author={Swiderski, Frank},
  year={2004},
  publisher={Microsoft Press}
}

@inproceedings{macher2015sahara,
  title={SAHARA: a security-aware hazard and risk analysis method},
  author={Macher, Georg and Sporer, Harald and Berlach, Reinhard and Armengaud, Eric and Kreiner, Christian},
  booktitle={2015 Design, Automation \& Test in Europe Conference \& Exhibition (DATE)},
  pages={621--624},
  year={2015},
  organization={IEEE}
}

@inproceedings{banerjee2017aggregation,
  title={Aggregation of information models—An OPC UA based approach to a holistic model of models},
  author={Banerjee, Suprateek and GroBmann, Daniel},
  booktitle={2017 4th International Conference on Industrial Engineering and Applications (ICIEA)},
  pages={296--299},
  year={2017},
  organization={IEEE}
}

@inproceedings{macher2014combined,
  title={A combined safety-hazards and security-threat analysis method for automotive systems},
  author={Macher, Georg and H{\"o}ller, Andrea and Sporer, Harald and Armengaud, Eric and Kreiner, Christian},
  booktitle={International Conference on Computer Safety, Reliability, and Security},
  pages={237--250},
  year={2014},
  organization={Springer}
}

@inproceedings{monteuuis2018sara,
  title={Sara: Security automotive risk analysis method},
  author={Monteuuis, Jean-Philippe and Boudguiga, Aymen and Zhang, Jun and Labiod, Houda and Servel, Alain and Urien, Pascal},
  booktitle={Proceedings of the 4th ACM Workshop on Cyber-Physical System Security},
  pages={3--14},
  year={2018}
}

@article{etsi2011182,
  title={182 027: Telecommunications and Internet converged Services and Protocols for Advanced Networking (TISPAN)},
  author={ETSI, TS},
  journal={IPTV Architecture},
  year={2011}
}

@techreport{alberts1999operationally,
  title={Operationally critical threat, asset, and vulnerability evaluation (OCTAVE) framework, Version 1.0},
  author={Alberts, Christopher J and Behrens, Sandra G and Pethia, Richard D and Wilson, William R},
  year={1999},
  institution={CARNEGIE-MELLON UNIV PITTSBURGH PA SOFTWARE ENGINEERING INST}
}

@article{olovsson2018healing,
  title={{HEAling Vulnerabilities to ENhance Software Security and Safety (HEAVENS}). 2015},
  author={Olovsson, Tomas},
  journal={URL: https://research. chalmers. se/en/project/5809 (besucht am 20},
  pages={33--89},
  year={2018}
}

@techreport{firesmith2007engineering,
  title={Engineering Safety and Security-Related Requirements for Software-Intensive Systems},
  author={Firesmith, Donald},
  year={2007},
  institution={Carnegie-Mellon University Pittsburg PA Software Engineering Institute}
}

@article{sae2016cybersecurity,
  title={Cybersecurity Guidebook for Cyber-Physical Vehicle Systems},
  author={SAE J3061 Vehicle Cybersecurity Systems Engineering Committee and others},
  journal={SAE International},
  year={2016}
}

@inproceedings{pettersson2017design,
  title={Design techniques for exploring automotive interaction in the drive towards automation},
  author={Pettersson, Ingrid and Ju, Wendy},
  booktitle={Proceedings of the 2017 conference on designing interactive systems},
  pages={147--160},
  year={2017}
}

@misc{MikroTik,
	Author = {MikroTik},
	Date-Added = {2020-09-02 00:41:09 +0300},
	Date-Modified = {2020-09-02 00:41:31 +0300},
	Howpublished = {https://help.mikrotik.com/docs/display/UM/wAP+ac+kit-series},
	Title = {{wAP ac LTE6 Kit Router User Manual.}}}

@misc{AutonomousStuff2,
	Author = {AutonomousStuff},
	Date-Added = {2020-09-02 00:40:26 +0300},
	Date-Modified = {2020-09-02 00:40:49 +0300},
	Howpublished = {https://autonomoustuff.com/product/pacmod/},
	Title = {{PACMod 3.0.}}}

@misc{Neousys,
	Author = {Neousys},
	Date-Added = {2020-09-02 00:39:17 +0300},
	Date-Modified = {2020-09-02 00:39:45 +0300},
	Howpublished = {https://www.neousys- tech.com/en/product/application/edge-ai-gpu-computing/nuvo-6108gc-gpu-computing},
	Title = {{Nuvo-6108GC Series User Manual}}}

@misc{Novatel2,
	Author = {Novatel},
	Date-Added = {2020-09-02 00:37:57 +0300},
	Date-Modified = {2020-09-02 00:38:49 +0300},
	Howpublished = {https://www.novatel.com/products/span-gnss-inertial-systems/span-imus/span-mems-imus/imu-igm-s1/},
	Title = {{SPAN IMU-IGM-S1}}}

@misc{Novatel,
	Author = {Novatel},
	Date-Added = {2020-09-02 00:37:07 +0300},
	Date-Modified = {2020-09-02 02:08:38 +0300},
	Howpublished = {https://www.novatel.com/products/gnss-receivers/enclosures/pwrpak7/},
	Title = {{Enclosures PwrPak7.}}}

@misc{AutonomousStuff,
	Author = {AutonomousStuff},
	Date-Added = {2020-09-02 00:36:13 +0300},
	Date-Modified = {2020-09-02 00:36:39 +0300},
	Howpublished = {https://autonomoustuff.com/product/delphi-esr-2-5-24v/},
	Title = {{Delphi Electronically Scanning RADAR.}}}

@misc{Sekonix,
	Author = {Sekonix},
	Date-Added = {2020-09-02 00:35:23 +0300},
	Date-Modified = {2020-09-02 00:35:43 +0300},
	Howpublished = {http://sekolab.com/products/camera/},
	Title = {{Sekonix SF332X-10X}}}

@misc{AlliedVision,
	Author = {AlliedVision},
	Date-Added = {2020-09-02 00:34:27 +0300},
	Date-Modified = {2020-09-02 00:47:51 +0300},
	Howpublished = {https://www.alliedvision.com/en/products/cameras/ detail/Mako20G/G- 319/},
	Title = {{Mako G G-319.}}}

@misc{Velo,
	Author = {Velodyne},
	Date-Added = {2020-09-02 00:33:27 +0300},
	Date-Modified = {2020-09-02 01:56:44 +0300},
	Howpublished = {https://velodynelidar.com/products/ultra- puck/},
	Title = {{VLP-32C Manual}}}

@misc{AS,
	Author = {AutonomousStuff},
	Date-Added = {2020-09-02 00:31:37 +0300},
	Date-Modified = {2020-09-02 00:32:25 +0300},
	Howpublished = {https://autonomoustuff.com/product/lexus-rx-450h/},
	Title = {{Lexus RX 450h.}}}

@misc{Rando2020,
	Author = {Rando {T\~{o}nisson}},
	Date-Added = {2020-09-02 00:07:04 +0300},
	Date-Modified = {2020-09-02 00:08:13 +0300},
	Howpublished = {University of Tartu},
	Title = {Security Risk Management in Autonomous Driving Vehicles: Architecture Perspective},
	Year = {2020}}


@inproceedings{AffiaEtAl2019,
	Author = {Affia, A. A. O. and Matulevi\v{c}ius, R. and Nolte, A.},
	Booktitle = {On the Move to Meaningful Internet Systems (OTM 2019)},
	Date-Added = {2020-09-01 23:55:45 +0300},
	Date-Modified = {2020-09-01 23:58:05 +0300},
	Title = {{Security Risk Management in Cooperative Intelligent Transportation Systems: A Systematic Literature Review}},
	Year = {2019}}

@inproceedings{ScalasEtAl2019,
	Author = {Scalas, M. and Giacinto, G.},
	Booktitle = {2nd International Conference on new Trends in Computing Sciences (ICTCS)},
	Date-Added = {2020-09-01 23:46:20 +0300},
	Date-Modified = {2020-09-01 23:49:25 +0300},
	Pages = {1--6},
	Title = {Automotive Cybersecurity: Foundations for Next-Generation Vehicles},
	Year = {2019}}

@article{MapleEtAl2019,
	Author = {Maple, C. and Bradbury, M. and Le, A. T. and Ghirardello, K.},
	Date-Added = {2020-09-01 23:43:06 +0300},
	Date-Modified = {2020-09-01 23:45:33 +0300},
	Journal = {Applied Sciences},
	Number = {23},
	Title = {{A Connected and Autonomous Vehicle Reference Architecture for Attack Surface Analysis}},
	Volume = {9},
	Year = {2019}}

@inproceedings{SungEtAl2013,
	Author = {Sung, K.-B. and Min, K.-W. and Kim, J.-W. and Choi, J.-D.},
	Booktitle = {7th International Conference on Signal Processing and Communication Systems (ICSPCS)},
	Date-Added = {2020-09-01 23:40:30 +0300},
	Date-Modified = {2020-09-01 23:42:40 +0300},
	Pages = {1--6},
	Title = {{Autonomous Vehicle Guidance System with Infrastructure}},
	Year = {2013}}

@inproceedings{PetitEtAl2015,
	Author = {Petit, J. and Stottelaar, B. and Feiri, M. and Kargl, F.},
	Booktitle = {Black Hat Europe},
	Date-Added = {2020-09-01 23:37:53 +0300},
	Date-Modified = {2020-09-01 23:49:48 +0300},
	Title = {{Remote Attacks on Automated Vehicles Sensors: Experiments on Camera and Lidar}},
	Year = {2015}}

@inproceedings{YanEtAl2016,
	Author = {Yan, C. and Xu, W. and Liu, J.},
	Booktitle = {DEFCON},
	Date-Added = {2020-09-01 23:35:42 +0300},
	Date-Modified = {2020-09-01 23:37:13 +0300},
	Title = {{Can You Trust Autonomous Vehicles: Contactless Attacks Against Sensors of Self-Driving Vehicle}},
	Year = {2016}}

@article{PetitEtAl2014,
	Author = {Petit, J. and Shladover, S. E.},
	Date-Added = {2020-09-01 23:32:32 +0300},
	Date-Modified = {2020-09-01 23:34:16 +0300},
	Journal = {IEEE Transactions on Intelligent Transportation Systems},
	Number = {2},
	Pages = {546 -- 556},
	Title = {{Potential Cyberattacks on Automated Vehicles}},
	Volume = {16},
	Year = {2014}}

@inproceedings{ThingEtAL2016,
	Author = {Thing, V. L. and Wu, J.},
	Booktitle = {IEEE Int. Conf. Internet of Things (iThings) and IEEE Green Computing and Communications (GreenCom) and IEEE Cyber, Physical and Social Computing (CPSCom) and IEEE Smart Data (SmartData)},
	Date-Added = {2020-09-01 23:30:42 +0300},
	Date-Modified = {2020-09-02 01:26:11 +0300},
	Pages = {164-170},
	Title = {{Autonomous Vehicle Security: A Taxonomy of Attacks and Defences}},
	Year = {2016}}

@book{Freud2014,
	Author = {Freud, J. and Jones, J.},
	Date-Added = {2020-09-01 23:23:20 +0300},
	Date-Modified = {2020-09-01 23:25:08 +0300},
	Publisher = {Butterworth-Heinemann},
	Title = {{Measuring and Managing Information Risk: a FAIR Approach}},
	Year = {2014}}

@misc{CC,
	Date-Added = {2020-09-01 23:21:34 +0300},
	Date-Modified = {2020-09-01 23:22:29 +0300},
	Howpublished = {https://www.commoncriteriaportal.org/cc/},
	Title = {{Common Criteria. Common Criteria for Information Technology Security Evaluation, CC v3.1.}}}

@misc{NIST,
	Date-Added = {2020-09-01 23:19:38 +0300},
	Date-Modified = {2020-09-01 23:20:49 +0300},
	Howpublished = {https://csrc.nist.gov/publications/detail/sp/800-30/rev-1/final},
	Title = {{National Institute of Standards and Technology. SP 800-30 Rev. 1: Guide for Conducting Risk Assessments}}}

@misc{ISO13335,
	Date-Added = {2020-09-01 23:17:09 +0300},
	Date-Modified = {2020-09-01 23:18:27 +0300},
	Howpublished = {International Organization for Standardization, Geneva},
	Title = {{ISO/IEC 13335-1:2004 - Information technology - Security Techniques - Management of Information and Communications Technology Security - Part 1: Concepts and Models for Information and Communications Technology Security Management}},
	Year = {2004}}

@misc{ISO27001,
	Date-Added = {2020-09-01 23:14:26 +0300},
	Date-Modified = {2020-09-01 23:18:27 +0300},
	Howpublished = {International Organization for Standardization, Geneva},
	Title = {{ISO/IEC 27001:2013 Information Technology -- Security Techniques -- Information Security Management Systems -- Requirements}},
	Year = {2013}}

@article{MelladoEtAl2010,
	Author = {Mellado, D. and Blanco, C. and Sanchez, L.E. and Fernandez-Medina, E.},
	Date-Added = {2020-09-01 23:11:56 +0300},
	Date-Modified = {2020-09-01 23:13:13 +0300},
	Journal = {Computer Standards and Interfaces},
	Pages = {153-165},
	Title = {{A Systematic Review of Security Requirements Engineering}},
	Volume = {32},
	Year = {2010}}

@article{FabianEtAl2010,
	Author = {Fabian, B. and Gurses, S. and Heisel, M. and Santen, T. and Schmidt, H.},
	Date-Added = {2020-09-01 23:09:24 +0300},
	Date-Modified = {2020-09-01 23:11:01 +0300},
	Journal = {Requirements Engineering Methods},
	Number = {1},
	Pages = {7-40},
	Title = {{A Comparison of Security Requirements Engineering Methods}},
	Volume = {15},
	Year = {2010}}

@phdthesis{Janulevicius2016,
	Author = {Janulevi\v{c}ius, J.},
	Date-Added = {2020-09-01 23:06:07 +0300},
	Date-Modified = {2020-09-01 23:08:15 +0300},
	School = {Vilnius University},
	Title = {{Method of Information Security Risk Analysis for Virtualized Systems}},
	Year = {2016}}

@techreport{CaralliEtAl2007,
	Author = {Caralli, R. A. and Stevens, J. F. and Young, L. R. and Wilson, W. R},
	Date-Added = {2020-09-01 23:02:12 +0300},
	Date-Modified = {2020-09-01 23:04:23 +0300},
	Institution = {SEI},
	Title = {{Introducing OCTAVE Allegro: Improving the Information Security Risk Assessment Process}},
	Year = {2007}}

@incollection{DuboisEtAl2010,
	Author = {Dubois, E. and Heymans, P. and Mayer, N. and Matulevi\v{c}ius, R.},
	Booktitle = {Intentional Perspectives on Information Systems Engineering},
	Date-Added = {2020-09-01 23:00:26 +0300},
	Date-Modified = {2020-09-01 23:01:39 +0300},
	Pages = {289--306},
	Publisher = {Springer},
	Title = {{A Systematic Approach to Define the Domain of Information System Security Risk Management}},
	Year = {2010}}

@article{ElRewiniEtAl2020,
	Author = {El-Rewini, Z. and Sadatsharan, K. and Selvaraj, D. F. and Plathottam S. J. and Ranganathan P.},
	Date-Added = {2020-09-01 22:48:05 +0300},
	Date-Modified = {2020-09-01 22:53:30 +0300},
	Journal = {Vehicular Communications},
	Title = {{Cybersecurity Challenges in Vehicular Communications}},
	Volume = {23},
	Year = {2020}}

@mastersthesis{Bailey2018,
	Author = {Bailey, D.},
	Date-Added = {2020-09-01 22:45:26 +0300},
	Date-Modified = {2020-09-01 22:46:52 +0300},
	School = {Technisch Universitat Munchen},
	Title = {{Quantitative Cybersecurity Risk Management for Autonomous Vehicle Systems}},
	Year = {2018}}

@misc{AV2020,
	Author = {AutonomousDriving},
	Date-Added = {2020-09-01 22:30:56 +0300},
	Date-Modified = {2020-09-01 22:44:20 +0300},
	Howpublished = {https://www.mes-insights.com/https://www.mes-insights.com/5-top-autonomous-vehicle-companies-to-watch-in-2020-a-910825/},
	Title = {{5 Top Autonomous Vehicle Companies to Watch in 2020}},
	Year = {2020}}
